
@Misc{prefix-beam-search,
howpublished = {\url{https://github.com/corticph/prefix-beam-search/}},
title = {demo for prefix-beam-search},
author = {Murphy, Timothy I}
}

@article{prefix-bs,
  author    = {Andrew L. Maas and
               Awni Y. Hannun and
               Daniel Jurafsky and
               Andrew Y. Ng},
  title     = {First-Pass Large Vocabulary Continuous Speech Recognition using Bi-Directional
               Recurrent DNNs},
  journal   = {CoRR},
  volume    = {abs/1408.2873},
  year      = {2014},
  url       = {http://arxiv.org/abs/1408.2873},
  archivePrefix = {arXiv},
  eprint    = {1408.2873},
  timestamp = {Mon, 13 Aug 2018 16:46:08 +0200},
  biburl    = {https://dblp.org/rec/bib/journals/corr/MaasHJN14},
  bibsource = {dblp computer science bibliography, https://dblp.org}
}

@Misc{em-alg,
howpublished = {\url{http://cs229.stanford.edu/notes/cs229-notes8.pdf}},
title = {The EM algorithm},
author = {Andrew Ng}
}

@Misc{stat-lihang,
howpublished = {\url{http://www.dgt-factory.com/uploads/2018/07/0725/%E7%BB%9F%E8%AE%A1%E5%AD%A6%E4%B9%A0%E6%96%B9%E6%B3%95.pdf}},
title = {统计学习方法},
author = {李航}
}
